<record><leader>00000cas a2200000 a 4500</leader><controlfield tag="001">244441835</controlfield><controlfield tag="008">080826d195u1976scuwr ne      0    0eng c</controlfield><datafield ind1=" " ind2=" " tag="010"><subfield code="a">  2012271254</subfield></datafield><datafield ind1=" " ind2=" " tag="040"><subfield code="a">SUC</subfield><subfield code="b">eng</subfield><subfield code="c">SUC</subfield><subfield code="d">SUC</subfield><subfield code="d">OCLCQ</subfield><subfield code="d">SUC</subfield><subfield code="d">OCLCF</subfield></datafield><datafield ind1=" " ind2=" " tag="042"><subfield code="a">pcc</subfield></datafield><datafield ind1=" " ind2=" " tag="043"><subfield code="a">n-us-sc</subfield></datafield><datafield ind1="0" ind2="4" tag="245"><subfield code="a">The North Augusta star.</subfield></datafield><datafield ind1=" " ind2=" " tag="260"><subfield code="a">North Augusta, S.C. :</subfield><subfield code="b">Star Advertising Co.</subfield></datafield><datafield ind1=" " ind2=" " tag="300"><subfield code="a">v. :</subfield><subfield code="b">ill. ;</subfield><subfield code="c">42 cm.</subfield></datafield><datafield ind1=" " ind2=" " tag="310"><subfield code="a">Weekly</subfield></datafield><datafield ind1="1" ind2=" " tag="362"><subfield code="a">Began in 1950s; ceased with June 24, 1976.</subfield></datafield><datafield ind1=" " ind2=" " tag="588"><subfield code="a">Description based on: Vol. 2, no. 22 (Jan. 27, 1956); title from caption.</subfield></datafield><datafield ind1=" " ind2=" " tag="588"><subfield code="a">Latest consulted: Vol. 22, no. 46 (June 24, 1976).</subfield></datafield><datafield ind1=" " ind2="0" tag="651"><subfield code="a">Aiken County (S.C.)</subfield><subfield code="v">Newspapers.</subfield></datafield><datafield ind1=" " ind2="7" tag="655"><subfield code="a">Newspapers.</subfield><subfield code="2">fast</subfield><subfield code="0">(OCoLC)fst01423814</subfield></datafield><datafield ind1=" " ind2="7" tag="651"><subfield code="a">South Carolina</subfield><subfield code="z">Aiken County.</subfield><subfield code="2">fast</subfield><subfield code="0">(OCoLC)fst01208635</subfield></datafield><datafield ind1=" " ind2=" " tag="752"><subfield code="a">United States</subfield><subfield code="b">South Carolina</subfield><subfield code="c">Aiken</subfield><subfield code="d">North Augusta.</subfield></datafield><datafield ind1="0" ind2="0" tag="785"><subfield code="t">Star (North Augusta, S.C.)</subfield><subfield code="w">(DLC)sn 93067962</subfield><subfield code="w">(OCoLC)29377555</subfield></datafield></record>